@misc{score, title={QS World University Rankings â€“ methodology}, url={https://www.topuniversities.com/qs-world-university-rankings/methodology}, journal={Top Universities}, author={Craig O'Callaghan}, year={2022}, month={Feb}} 
 
@misc{trav1, title={QS World University Rankings EDA \& Visualization}, url={https://www.kaggle.com/padhmam/qs-world-university-rankings-eda-visualization}, journal={Kaggle}, author={Padhma Muniraj}, year={2022}, month={Feb}} 

@misc{trav2, title={QS World University Ranking (2017-2022) EDA}, url={https://www.kaggle.com/naivapiatchou/qs-world-university-ranking-2017-2022-eda}, journal={Kaggle}, author={Naiva Piatchou}, year={2022}, month={Mar}} 

@misc{trav3, title={University Ranking Prediction}, url={https://www.kaggle.com/shubham8983/university-ranking-prediction}, journal={Kaggle}, author={Shubham Kamble}, year={2021}, month={May}} 

@misc{trav4, title={Factor Analysis of Times and CWUR Sets}, url={https://www.kaggle.com/leipzig/factor-analysis-of-times-and-cwur-sets/report}, journal={Kaggle}, author={Jeremy Leipzig}, year={2016}, month={Apr}} 